%YAML 1.1
%TAG !u! tag:unity3d.com,2011:
--- !u!1 &111657505760482894
GameObject:
  m_ObjectHideFlags: 0
  m_CorrespondingSourceObject: {fileID: 0}
  m_PrefabInstance: {fileID: 0}
  m_PrefabAsset: {fileID: 0}
  serializedVersion: 6
  m_Component:
  - component: {fileID: 625735434972175398}
  m_Layer: 0
  m_Name: Wall2Glass
  m_TagString: Untagged
  m_Icon: {fileID: 0}
  m_NavMeshLayer: 0
  m_StaticEditorFlags: 0
  m_IsActive: 1
--- !u!4 &625735434972175398
Transform:
  m_ObjectHideFlags: 0
  m_CorrespondingSourceObject: {fileID: 0}
  m_PrefabInstance: {fileID: 0}
  m_PrefabAsset: {fileID: 0}
  m_GameObject: {fileID: 111657505760482894}
  m_LocalRotation: {x: 0, y: 0, z: 0, w: 1}
  m_LocalPosition: {x: -49.798355, y: 3.5478082, z: 81.5403}
  m_LocalScale: {x: 1, y: 1, z: 1}
  m_ConstrainProportionsScale: 0
  m_Children:
  - {fileID: 4891580882939636591}
  - {fileID: 2997851751372370650}
  - {fileID: 7984224521346800380}
  m_Father: {fileID: 0}
  m_RootOrder: 0
  m_LocalEulerAnglesHint: {x: 0, y: 0, z: 0}
--- !u!1001 &5356389802490488310
PrefabInstance:
  m_ObjectHideFlags: 0
  serializedVersion: 2
  m_Modification:
    m_TransformParent: {fileID: 625735434972175398}
    m_Modifications:
    - target: {fileID: 2636877112084971274, guid: 44bdc90d38ebd8849800135eb5ba6a1d, type: 3}
      propertyPath: m_RootOrder
      value: 2
      objectReference: {fileID: 0}
    - target: {fileID: 2636877112084971274, guid: 44bdc90d38ebd8849800135eb5ba6a1d, type: 3}
      propertyPath: m_LocalScale.y
      value: 148.35533
      objectReference: {fileID: 0}
    - target: {fileID: 2636877112084971274, guid: 44bdc90d38ebd8849800135eb5ba6a1d, type: 3}
      propertyPath: m_LocalScale.z
      value: 243.25908
      objectReference: {fileID: 0}
    - target: {fileID: 2636877112084971274, guid: 44bdc90d38ebd8849800135eb5ba6a1d, type: 3}
      propertyPath: m_LocalPosition.x
      value: -0.20264435
      objectReference: {fileID: 0}
    - target: {fileID: 2636877112084971274, guid: 44bdc90d38ebd8849800135eb5ba6a1d, type: 3}
      propertyPath: m_LocalPosition.y
      value: -0.5477481
      objectReference: {fileID: 0}
    - target: {fileID: 2636877112084971274, guid: 44bdc90d38ebd8849800135eb5ba6a1d, type: 3}
      propertyPath: m_LocalPosition.z
      value: -0.03866577
      objectReference: {fileID: 0}
    - target: {fileID: 2636877112084971274, guid: 44bdc90d38ebd8849800135eb5ba6a1d, type: 3}
      propertyPath: m_LocalRotation.w
      value: 0.7071068
      objectReference: {fileID: 0}
    - target: {fileID: 2636877112084971274, guid: 44bdc90d38ebd8849800135eb5ba6a1d, type: 3}
      propertyPath: m_LocalRotation.x
      value: -0.7071068
      objectReference: {fileID: 0}
    - target: {fileID: 2636877112084971274, guid: 44bdc90d38ebd8849800135eb5ba6a1d, type: 3}
      propertyPath: m_LocalRotation.y
      value: -0
      objectReference: {fileID: 0}
    - target: {fileID: 2636877112084971274, guid: 44bdc90d38ebd8849800135eb5ba6a1d, type: 3}
      propertyPath: m_LocalRotation.z
      value: -0
      objectReference: {fileID: 0}
    - target: {fileID: 2636877112084971274, guid: 44bdc90d38ebd8849800135eb5ba6a1d, type: 3}
      propertyPath: m_LocalEulerAnglesHint.x
      value: -90
      objectReference: {fileID: 0}
    - target: {fileID: 2636877112084971274, guid: 44bdc90d38ebd8849800135eb5ba6a1d, type: 3}
      propertyPath: m_LocalEulerAnglesHint.y
      value: 0
      objectReference: {fileID: 0}
    - target: {fileID: 2636877112084971274, guid: 44bdc90d38ebd8849800135eb5ba6a1d, type: 3}
      propertyPath: m_LocalEulerAnglesHint.z
      value: 0
      objectReference: {fileID: 0}
    - target: {fileID: 3446310825115968944, guid: 44bdc90d38ebd8849800135eb5ba6a1d, type: 3}
      propertyPath: m_Name
      value: glass 2 (1)
      objectReference: {fileID: 0}
    m_RemovedComponents: []
  m_SourcePrefab: {fileID: 100100000, guid: 44bdc90d38ebd8849800135eb5ba6a1d, type: 3}
--- !u!4 &7984224521346800380 stripped
Transform:
  m_CorrespondingSourceObject: {fileID: 2636877112084971274, guid: 44bdc90d38ebd8849800135eb5ba6a1d, type: 3}
  m_PrefabInstance: {fileID: 5356389802490488310}
  m_PrefabAsset: {fileID: 0}
--- !u!1001 &7456398741379732581
PrefabInstance:
  m_ObjectHideFlags: 0
  serializedVersion: 2
  m_Modification:
    m_TransformParent: {fileID: 625735434972175398}
    m_Modifications:
    - target: {fileID: 2636877112084971274, guid: 44bdc90d38ebd8849800135eb5ba6a1d, type: 3}
      propertyPath: m_RootOrder
      value: 0
      objectReference: {fileID: 0}
    - target: {fileID: 2636877112084971274, guid: 44bdc90d38ebd8849800135eb5ba6a1d, type: 3}
      propertyPath: m_LocalScale.y
      value: 148.35533
      objectReference: {fileID: 0}
    - target: {fileID: 2636877112084971274, guid: 44bdc90d38ebd8849800135eb5ba6a1d, type: 3}
      propertyPath: m_LocalScale.z
      value: 243.25908
      objectReference: {fileID: 0}
    - target: {fileID: 2636877112084971274, guid: 44bdc90d38ebd8849800135eb5ba6a1d, type: 3}
      propertyPath: m_LocalPosition.x
      value: 0.7973747
      objectReference: {fileID: 0}
    - target: {fileID: 2636877112084971274, guid: 44bdc90d38ebd8849800135eb5ba6a1d, type: 3}
      propertyPath: m_LocalPosition.y
      value: -0.5477481
      objectReference: {fileID: 0}
    - target: {fileID: 2636877112084971274, guid: 44bdc90d38ebd8849800135eb5ba6a1d, type: 3}
      propertyPath: m_LocalPosition.z
      value: -0.03866577
      objectReference: {fileID: 0}
    - target: {fileID: 2636877112084971274, guid: 44bdc90d38ebd8849800135eb5ba6a1d, type: 3}
      propertyPath: m_LocalRotation.w
      value: 0.7071068
      objectReference: {fileID: 0}
    - target: {fileID: 2636877112084971274, guid: 44bdc90d38ebd8849800135eb5ba6a1d, type: 3}
      propertyPath: m_LocalRotation.x
      value: -0.7071068
      objectReference: {fileID: 0}
    - target: {fileID: 2636877112084971274, guid: 44bdc90d38ebd8849800135eb5ba6a1d, type: 3}
      propertyPath: m_LocalRotation.y
      value: -0
      objectReference: {fileID: 0}
    - target: {fileID: 2636877112084971274, guid: 44bdc90d38ebd8849800135eb5ba6a1d, type: 3}
      propertyPath: m_LocalRotation.z
      value: -0
      objectReference: {fileID: 0}
    - target: {fileID: 2636877112084971274, guid: 44bdc90d38ebd8849800135eb5ba6a1d, type: 3}
      propertyPath: m_LocalEulerAnglesHint.x
      value: -90
      objectReference: {fileID: 0}
    - target: {fileID: 2636877112084971274, guid: 44bdc90d38ebd8849800135eb5ba6a1d, type: 3}
      propertyPath: m_LocalEulerAnglesHint.y
      value: 0
      objectReference: {fileID: 0}
    - target: {fileID: 2636877112084971274, guid: 44bdc90d38ebd8849800135eb5ba6a1d, type: 3}
      propertyPath: m_LocalEulerAnglesHint.z
      value: 0
      objectReference: {fileID: 0}
    - target: {fileID: 3446310825115968944, guid: 44bdc90d38ebd8849800135eb5ba6a1d, type: 3}
      propertyPath: m_Name
      value: glass 2
      objectReference: {fileID: 0}
    m_RemovedComponents: []
  m_SourcePrefab: {fileID: 100100000, guid: 44bdc90d38ebd8849800135eb5ba6a1d, type: 3}
--- !u!4 &4891580882939636591 stripped
Transform:
  m_CorrespondingSourceObject: {fileID: 2636877112084971274, guid: 44bdc90d38ebd8849800135eb5ba6a1d, type: 3}
  m_PrefabInstance: {fileID: 7456398741379732581}
  m_PrefabAsset: {fileID: 0}
--- !u!1001 &8031672451467450240
PrefabInstance:
  m_ObjectHideFlags: 0
  serializedVersion: 2
  m_Modification:
    m_TransformParent: {fileID: 625735434972175398}
    m_Modifications:
    - target: {fileID: 5110663922849359194, guid: 9a082bf6771637c48b6861159b4747e3, type: 3}
      propertyPath: m_RootOrder
      value: 1
      objectReference: {fileID: 0}
    - target: {fileID: 5110663922849359194, guid: 9a082bf6771637c48b6861159b4747e3, type: 3}
      propertyPath: m_LocalScale.x
      value: 3
      objectReference: {fileID: 0}
    - target: {fileID: 5110663922849359194, guid: 9a082bf6771637c48b6861159b4747e3, type: 3}
      propertyPath: m_LocalScale.y
      value: 3
      objectReference: {fileID: 0}
    - target: {fileID: 5110663922849359194, guid: 9a082bf6771637c48b6861159b4747e3, type: 3}
      propertyPath: m_LocalScale.z
      value: 3.1
      objectReference: {fileID: 0}
    - target: {fileID: 5110663922849359194, guid: 9a082bf6771637c48b6861159b4747e3, type: 3}
      propertyPath: m_LocalPosition.x
      value: 4.987129
      objectReference: {fileID: 0}
    - target: {fileID: 5110663922849359194, guid: 9a082bf6771637c48b6861159b4747e3, type: 3}
      propertyPath: m_LocalPosition.y
      value: -0.5477476
      objectReference: {fileID: 0}
    - target: {fileID: 5110663922849359194, guid: 9a082bf6771637c48b6861159b4747e3, type: 3}
      propertyPath: m_LocalPosition.z
      value: -0.03866577
      objectReference: {fileID: 0}
    - target: {fileID: 5110663922849359194, guid: 9a082bf6771637c48b6861159b4747e3, type: 3}
      propertyPath: m_LocalRotation.w
      value: 1
      objectReference: {fileID: 0}
    - target: {fileID: 5110663922849359194, guid: 9a082bf6771637c48b6861159b4747e3, type: 3}
      propertyPath: m_LocalRotation.x
      value: -0
      objectReference: {fileID: 0}
    - target: {fileID: 5110663922849359194, guid: 9a082bf6771637c48b6861159b4747e3, type: 3}
      propertyPath: m_LocalRotation.y
      value: -0
      objectReference: {fileID: 0}
    - target: {fileID: 5110663922849359194, guid: 9a082bf6771637c48b6861159b4747e3, type: 3}
      propertyPath: m_LocalRotation.z
      value: -0
      objectReference: {fileID: 0}
    - target: {fileID: 5110663922849359194, guid: 9a082bf6771637c48b6861159b4747e3, type: 3}
      propertyPath: m_LocalEulerAnglesHint.x
      value: 0
      objectReference: {fileID: 0}
    - target: {fileID: 5110663922849359194, guid: 9a082bf6771637c48b6861159b4747e3, type: 3}
      propertyPath: m_LocalEulerAnglesHint.y
      value: 0
      objectReference: {fileID: 0}
    - target: {fileID: 5110663922849359194, guid: 9a082bf6771637c48b6861159b4747e3, type: 3}
      propertyPath: m_LocalEulerAnglesHint.z
      value: 0
      objectReference: {fileID: 0}
    - target: {fileID: 5595556984228642784, guid: 9a082bf6771637c48b6861159b4747e3, type: 3}
      propertyPath: m_Name
      value: wall 2
      objectReference: {fileID: 0}
    m_RemovedComponents: []
  m_SourcePrefab: {fileID: 100100000, guid: 9a082bf6771637c48b6861159b4747e3, type: 3}
--- !u!4 &2997851751372370650 stripped
Transform:
  m_CorrespondingSourceObject: {fileID: 5110663922849359194, guid: 9a082bf6771637c48b6861159b4747e3, type: 3}
  m_PrefabInstance: {fileID: 8031672451467450240}
  m_PrefabAsset: {fileID: 0}
