%YAML 1.1
%TAG !u! tag:unity3d.com,2011:
--- !u!1 &6153355909778210994
GameObject:
  m_ObjectHideFlags: 0
  m_CorrespondingSourceObject: {fileID: 0}
  m_PrefabInstance: {fileID: 0}
  m_PrefabAsset: {fileID: 0}
  serializedVersion: 6
  m_Component:
  - component: {fileID: 1168829774444980147}
  m_Layer: 0
  m_Name: DeskSet
  m_TagString: Untagged
  m_Icon: {fileID: 0}
  m_NavMeshLayer: 0
  m_StaticEditorFlags: 0
  m_IsActive: 1
--- !u!4 &1168829774444980147
Transform:
  m_ObjectHideFlags: 0
  m_CorrespondingSourceObject: {fileID: 0}
  m_PrefabInstance: {fileID: 0}
  m_PrefabAsset: {fileID: 0}
  m_GameObject: {fileID: 6153355909778210994}
  m_LocalRotation: {x: 0, y: 0, z: 0, w: 1}
  m_LocalPosition: {x: 7.0428243, y: 0.54412293, z: -2.578279}
  m_LocalScale: {x: 0.017, y: 0.017, z: 0.017}
  m_ConstrainProportionsScale: 0
  m_Children:
  - {fileID: 5265876464667149873}
  - {fileID: 415228015179293690}
  - {fileID: 3374017882802334556}
  - {fileID: 3212827630904920151}
  m_Father: {fileID: 0}
  m_RootOrder: 0
  m_LocalEulerAnglesHint: {x: 0, y: 0, z: 0}
--- !u!1001 &428374432286632964
PrefabInstance:
  m_ObjectHideFlags: 0
  serializedVersion: 2
  m_Modification:
    m_TransformParent: {fileID: 1168829774444980147}
    m_Modifications:
    - target: {fileID: 2462472147438173929, guid: 7b3a36a501586f54f9086e10620a9751, type: 3}
      propertyPath: m_Name
      value: Lab_Table_Cabinet (1)
      objectReference: {fileID: 0}
    - target: {fileID: 2983535743599125587, guid: 7b3a36a501586f54f9086e10620a9751, type: 3}
      propertyPath: m_RootOrder
      value: 3
      objectReference: {fileID: 0}
    - target: {fileID: 2983535743599125587, guid: 7b3a36a501586f54f9086e10620a9751, type: 3}
      propertyPath: m_LocalPosition.x
      value: 63.2
      objectReference: {fileID: 0}
    - target: {fileID: 2983535743599125587, guid: 7b3a36a501586f54f9086e10620a9751, type: 3}
      propertyPath: m_LocalPosition.y
      value: -5.9
      objectReference: {fileID: 0}
    - target: {fileID: 2983535743599125587, guid: 7b3a36a501586f54f9086e10620a9751, type: 3}
      propertyPath: m_LocalPosition.z
      value: -1.023721
      objectReference: {fileID: 0}
    - target: {fileID: 2983535743599125587, guid: 7b3a36a501586f54f9086e10620a9751, type: 3}
      propertyPath: m_LocalRotation.w
      value: 1
      objectReference: {fileID: 0}
    - target: {fileID: 2983535743599125587, guid: 7b3a36a501586f54f9086e10620a9751, type: 3}
      propertyPath: m_LocalRotation.x
      value: -0
      objectReference: {fileID: 0}
    - target: {fileID: 2983535743599125587, guid: 7b3a36a501586f54f9086e10620a9751, type: 3}
      propertyPath: m_LocalRotation.y
      value: -0
      objectReference: {fileID: 0}
    - target: {fileID: 2983535743599125587, guid: 7b3a36a501586f54f9086e10620a9751, type: 3}
      propertyPath: m_LocalRotation.z
      value: -0
      objectReference: {fileID: 0}
    - target: {fileID: 2983535743599125587, guid: 7b3a36a501586f54f9086e10620a9751, type: 3}
      propertyPath: m_LocalEulerAnglesHint.x
      value: 0
      objectReference: {fileID: 0}
    - target: {fileID: 2983535743599125587, guid: 7b3a36a501586f54f9086e10620a9751, type: 3}
      propertyPath: m_LocalEulerAnglesHint.y
      value: 0
      objectReference: {fileID: 0}
    - target: {fileID: 2983535743599125587, guid: 7b3a36a501586f54f9086e10620a9751, type: 3}
      propertyPath: m_LocalEulerAnglesHint.z
      value: 0
      objectReference: {fileID: 0}
    m_RemovedComponents: []
  m_SourcePrefab: {fileID: 100100000, guid: 7b3a36a501586f54f9086e10620a9751, type: 3}
--- !u!4 &3212827630904920151 stripped
Transform:
  m_CorrespondingSourceObject: {fileID: 2983535743599125587, guid: 7b3a36a501586f54f9086e10620a9751, type: 3}
  m_PrefabInstance: {fileID: 428374432286632964}
  m_PrefabAsset: {fileID: 0}
--- !u!1001 &4596819793836923414
PrefabInstance:
  m_ObjectHideFlags: 0
  serializedVersion: 2
  m_Modification:
    m_TransformParent: {fileID: 1168829774444980147}
    m_Modifications:
    - target: {fileID: 3549909895184606038, guid: f61eaaa11bdd8aa4f883e9f4dd700f45, type: 3}
      propertyPath: m_Name
      value: Lab_Table_Drawers (1)
      objectReference: {fileID: 0}
    - target: {fileID: 4181592878221310444, guid: f61eaaa11bdd8aa4f883e9f4dd700f45, type: 3}
      propertyPath: m_RootOrder
      value: 1
      objectReference: {fileID: 0}
    - target: {fileID: 4181592878221310444, guid: f61eaaa11bdd8aa4f883e9f4dd700f45, type: 3}
      propertyPath: m_LocalPosition.x
      value: -67.9
      objectReference: {fileID: 0}
    - target: {fileID: 4181592878221310444, guid: f61eaaa11bdd8aa4f883e9f4dd700f45, type: 3}
      propertyPath: m_LocalPosition.y
      value: -7.5
      objectReference: {fileID: 0}
    - target: {fileID: 4181592878221310444, guid: f61eaaa11bdd8aa4f883e9f4dd700f45, type: 3}
      propertyPath: m_LocalPosition.z
      value: -0.9787209
      objectReference: {fileID: 0}
    - target: {fileID: 4181592878221310444, guid: f61eaaa11bdd8aa4f883e9f4dd700f45, type: 3}
      propertyPath: m_LocalRotation.w
      value: 1
      objectReference: {fileID: 0}
    - target: {fileID: 4181592878221310444, guid: f61eaaa11bdd8aa4f883e9f4dd700f45, type: 3}
      propertyPath: m_LocalRotation.x
      value: -0
      objectReference: {fileID: 0}
    - target: {fileID: 4181592878221310444, guid: f61eaaa11bdd8aa4f883e9f4dd700f45, type: 3}
      propertyPath: m_LocalRotation.y
      value: -0
      objectReference: {fileID: 0}
    - target: {fileID: 4181592878221310444, guid: f61eaaa11bdd8aa4f883e9f4dd700f45, type: 3}
      propertyPath: m_LocalRotation.z
      value: -0
      objectReference: {fileID: 0}
    - target: {fileID: 4181592878221310444, guid: f61eaaa11bdd8aa4f883e9f4dd700f45, type: 3}
      propertyPath: m_LocalEulerAnglesHint.x
      value: 0
      objectReference: {fileID: 0}
    - target: {fileID: 4181592878221310444, guid: f61eaaa11bdd8aa4f883e9f4dd700f45, type: 3}
      propertyPath: m_LocalEulerAnglesHint.y
      value: 0
      objectReference: {fileID: 0}
    - target: {fileID: 4181592878221310444, guid: f61eaaa11bdd8aa4f883e9f4dd700f45, type: 3}
      propertyPath: m_LocalEulerAnglesHint.z
      value: 0
      objectReference: {fileID: 0}
    m_RemovedComponents: []
  m_SourcePrefab: {fileID: 100100000, guid: f61eaaa11bdd8aa4f883e9f4dd700f45, type: 3}
--- !u!4 &415228015179293690 stripped
Transform:
  m_CorrespondingSourceObject: {fileID: 4181592878221310444, guid: f61eaaa11bdd8aa4f883e9f4dd700f45, type: 3}
  m_PrefabInstance: {fileID: 4596819793836923414}
  m_PrefabAsset: {fileID: 0}
--- !u!1001 &5083165037110332890
PrefabInstance:
  m_ObjectHideFlags: 0
  serializedVersion: 2
  m_Modification:
    m_TransformParent: {fileID: 1168829774444980147}
    m_Modifications:
    - target: {fileID: 7138834762267524156, guid: 44920553ce633c04ea1d419032b204e7, type: 3}
      propertyPath: m_Name
      value: Lab_Table_Base (1)
      objectReference: {fileID: 0}
    - target: {fileID: 7519301397575771782, guid: 44920553ce633c04ea1d419032b204e7, type: 3}
      propertyPath: m_RootOrder
      value: 2
      objectReference: {fileID: 0}
    - target: {fileID: 7519301397575771782, guid: 44920553ce633c04ea1d419032b204e7, type: 3}
      propertyPath: m_LocalPosition.x
      value: -0.8919015
      objectReference: {fileID: 0}
    - target: {fileID: 7519301397575771782, guid: 44920553ce633c04ea1d419032b204e7, type: 3}
      propertyPath: m_LocalPosition.y
      value: -0.10997072
      objectReference: {fileID: 0}
    - target: {fileID: 7519301397575771782, guid: 44920553ce633c04ea1d419032b204e7, type: 3}
      propertyPath: m_LocalPosition.z
      value: -0.9932928
      objectReference: {fileID: 0}
    - target: {fileID: 7519301397575771782, guid: 44920553ce633c04ea1d419032b204e7, type: 3}
      propertyPath: m_LocalRotation.w
      value: 1
      objectReference: {fileID: 0}
    - target: {fileID: 7519301397575771782, guid: 44920553ce633c04ea1d419032b204e7, type: 3}
      propertyPath: m_LocalRotation.x
      value: -0
      objectReference: {fileID: 0}
    - target: {fileID: 7519301397575771782, guid: 44920553ce633c04ea1d419032b204e7, type: 3}
      propertyPath: m_LocalRotation.y
      value: -0
      objectReference: {fileID: 0}
    - target: {fileID: 7519301397575771782, guid: 44920553ce633c04ea1d419032b204e7, type: 3}
      propertyPath: m_LocalRotation.z
      value: -0
      objectReference: {fileID: 0}
    - target: {fileID: 7519301397575771782, guid: 44920553ce633c04ea1d419032b204e7, type: 3}
      propertyPath: m_LocalEulerAnglesHint.x
      value: 0
      objectReference: {fileID: 0}
    - target: {fileID: 7519301397575771782, guid: 44920553ce633c04ea1d419032b204e7, type: 3}
      propertyPath: m_LocalEulerAnglesHint.y
      value: 0
      objectReference: {fileID: 0}
    - target: {fileID: 7519301397575771782, guid: 44920553ce633c04ea1d419032b204e7, type: 3}
      propertyPath: m_LocalEulerAnglesHint.z
      value: 0
      objectReference: {fileID: 0}
    m_RemovedComponents: []
  m_SourcePrefab: {fileID: 100100000, guid: 44920553ce633c04ea1d419032b204e7, type: 3}
--- !u!4 &3374017882802334556 stripped
Transform:
  m_CorrespondingSourceObject: {fileID: 7519301397575771782, guid: 44920553ce633c04ea1d419032b204e7, type: 3}
  m_PrefabInstance: {fileID: 5083165037110332890}
  m_PrefabAsset: {fileID: 0}
--- !u!1001 &6204136594329751993
PrefabInstance:
  m_ObjectHideFlags: 0
  serializedVersion: 2
  m_Modification:
    m_TransformParent: {fileID: 1168829774444980147}
    m_Modifications:
    - target: {fileID: 1460981910693334322, guid: 3770369ffcebf56459c78742e6c2ffb4, type: 3}
      propertyPath: m_Name
      value: Lab_Table_Shelf (1)
      objectReference: {fileID: 0}
    - target: {fileID: 2237624781880268680, guid: 3770369ffcebf56459c78742e6c2ffb4, type: 3}
      propertyPath: m_RootOrder
      value: 0
      objectReference: {fileID: 0}
    - target: {fileID: 2237624781880268680, guid: 3770369ffcebf56459c78742e6c2ffb4, type: 3}
      propertyPath: m_LocalPosition.x
      value: -0.8978238
      objectReference: {fileID: 0}
    - target: {fileID: 2237624781880268680, guid: 3770369ffcebf56459c78742e6c2ffb4, type: 3}
      propertyPath: m_LocalPosition.y
      value: 85.7
      objectReference: {fileID: 0}
    - target: {fileID: 2237624781880268680, guid: 3770369ffcebf56459c78742e6c2ffb4, type: 3}
      propertyPath: m_LocalPosition.z
      value: 34.1
      objectReference: {fileID: 0}
    - target: {fileID: 2237624781880268680, guid: 3770369ffcebf56459c78742e6c2ffb4, type: 3}
      propertyPath: m_LocalRotation.w
      value: 1
      objectReference: {fileID: 0}
    - target: {fileID: 2237624781880268680, guid: 3770369ffcebf56459c78742e6c2ffb4, type: 3}
      propertyPath: m_LocalRotation.x
      value: -0
      objectReference: {fileID: 0}
    - target: {fileID: 2237624781880268680, guid: 3770369ffcebf56459c78742e6c2ffb4, type: 3}
      propertyPath: m_LocalRotation.y
      value: -0
      objectReference: {fileID: 0}
    - target: {fileID: 2237624781880268680, guid: 3770369ffcebf56459c78742e6c2ffb4, type: 3}
      propertyPath: m_LocalRotation.z
      value: -0
      objectReference: {fileID: 0}
    - target: {fileID: 2237624781880268680, guid: 3770369ffcebf56459c78742e6c2ffb4, type: 3}
      propertyPath: m_LocalEulerAnglesHint.x
      value: 0
      objectReference: {fileID: 0}
    - target: {fileID: 2237624781880268680, guid: 3770369ffcebf56459c78742e6c2ffb4, type: 3}
      propertyPath: m_LocalEulerAnglesHint.y
      value: 0
      objectReference: {fileID: 0}
    - target: {fileID: 2237624781880268680, guid: 3770369ffcebf56459c78742e6c2ffb4, type: 3}
      propertyPath: m_LocalEulerAnglesHint.z
      value: 0
      objectReference: {fileID: 0}
    m_RemovedComponents: []
  m_SourcePrefab: {fileID: 100100000, guid: 3770369ffcebf56459c78742e6c2ffb4, type: 3}
--- !u!4 &5265876464667149873 stripped
Transform:
  m_CorrespondingSourceObject: {fileID: 2237624781880268680, guid: 3770369ffcebf56459c78742e6c2ffb4, type: 3}
  m_PrefabInstance: {fileID: 6204136594329751993}
  m_PrefabAsset: {fileID: 0}
